@article{brent2001quadratic,
  title={Quadratic minima and modular forms II},
  author={Brent, Barry},
  journal={Acta Arithmetica},
  volume={96},
  number={4},
  pages={381--387},
  year={2001}
}

@misc{mf23,
  title={mf23},
  author={Brent, Barry},
  howpublished = 
{\url{
https://github.com/barry314159/Interpolation/raw/main/mf23.nb
}}
}
}

@misc{sagemath,
title={Triangle functions on SageMath site},
author={Jermann, Jonas},
year={2013},
howpublished=
{\url{https://doc.sagemath.org/html/en/reference/modfrm_hecketriangle/index.html}}
}

@article{lehmer1943ramanujan,
  title={Ramanujan's function $\tau(n)$},
  author={Lehmer, D.  H.},
  journal={Duke Mathematical Journal},
  volume={10},
  number={3},
  pages={483--492},
  year={1943},
  publisher={Duke University Press}
}

@article{lehmer1947vanishing,
title={The vanishing of Ramanujan's function $\tau(n)$},
author={Lehmer, D. H.},
journal={Duke Mathematical Journal},
volume={14},
number={2},
pages={429--433},
year={1947},
publisher={Duke University Press}
}


@book{schoeneberg1974,
  title={Elliptic modular functions},
  author={Schoeneberg, Bruno},
  pages={45},
  year={1974},
  publisher={Springer}
}

@book{schoeneberg2012elliptic,
  title={Elliptic modular functions},
  author={Schoeneberg, Bruno},
  volume={203},
  year={2012},
  publisher={Springer Science \& Business Media}
  }

@book{siegel1969berechnung,
  title={Berechnung von Zetafunktionen an ganzzahligen Stellen},
  author={Siegel, Carl Ludwig},
  year={1969},
  publisher={Vandenhoeck \& Ruprecht}
}

@book{siegel1980advanced,
  title={Advanced analytic number theory},
  author={Siegel, Carl Ludwig and Ramanathan, K. G.},
  volume={9},
  pages={249--268},
  year={1980},
  publisher={Tata Institute of Fundamental Research Bombay}
}

@article{wolfart1981transzendente,
  title={Transzendente Zahlen als Fourierkoeffizienten von Heckes Modulformen},
  author={Wolfart, Jurgen},
  journal={Acta Arithmetica},
  volume={2},
  number={39},
  pages={193--205},
  year={1981}
}

@book{apostolIntroduction,
  title={Introduction to analytic number theory},
  author={Apostol, Tom M},
  year={1976},
  publisher={Springer-Verlag}
}

@article{eulerdiscovery,
  title={Discovery of a most extraordinary law of 
  numbers concerning the sum of 
  their divisors, Opera Omnia, Ser. 1},
  author={Euler, L},
  journal={Enestr{\"o}m index},
  issue={E175},
  volume={2},
  pages={241--253}
}

@book{polya1954,
  title={Mathematics and plausible reasoning},
  author={Polya, G},
  year={1954},
  publisher={Princeton University Press}
}

@book{serre1970course,
  title={A course in arithmetic},
  author={Serre, Jean-Pierre},
  journal={Grad. Texts in Math},
  year={1970},
  publisher={Springer-Verlag}
}

@article{brent1998quadratic,
  title={Quadratic minima and modular forms},
  author={Brent, Barry},
  journal={Experimental Mathematics},
  volume={7},
  number={3},
  pages={257--274},
  year={1998},
  publisher={Taylor \& Francis}
}

@article{raleigh1958fourier,
  title={The Fourier coefficients of the invariants 
  j (2 1/2; $\tau$) and j (3 1/2; $\tau$)},
  author={Raleigh, John},
  journal={Transactions of the American Mathematical Society},
  volume={87},
  number={1},
  pages={90--107},
  year={1958},
  publisher={JSTOR}
}

@book{berndt2008hecke,
  title={Hecke's theory of modular forms and Dirichlet series},
  author={Berndt, Bruce C and Knopp, Marvin Isadore},
  volume={5},
  year={2008},
  publisher={World Scientific}
}

@article{beslin2004minimal,
  title={The Minimal Polynomials of sin () and cos ()},
  author={Beslin, Scott and De Angelis, Valerio},
  journal={Mathematics magazine},
  volume={77},
  number={2},
  pages={146--149},
  year={2004},
  publisher={Taylor \& Francis}
}

@article{adiga2016constant,
  title={On the Constant Term of The Minimal Polynomial of 
  $\cos(2\frac{\pi}n$) over Q},
  author={Adiga, Chandrashekar and Cangul, Ismail Naci and Ramaswamy, HN},
  journal={Filomat},
  volume={30},
  number={4},
  pages={1097--1102},
  year={2016},
  publisher={JSTOR}
}

@article{bayad2012minimal,
  title={The minimal polynomial of $2 \cos (\frac{\pi}q)$ and Dickson polynomials},
  author={Bayad, Abdelmejid and Cangul, Ismail Naci},
  journal={Applied Mathematics and Computation},
  volume={218},
  number={13},
  pages={7014--7022},
  year={2012},
  publisher={Elsevier}
}


@article{lehmer1933note,
  title={A note on trigonometric algebraic numbers},
  author={Lehmer, Derik H},
  journal={The American Mathematical Monthly},
  volume={40},
  number={3},
  pages={165--166},
  year={1933},
  publisher={JSTOR}
}

@misc{leo2008fourier,
  title={Fourier coefficients of triangle functions, Ph.D. thesis},
  author={Leo, John Garrett},
  year={2008},
  howpublished = 
{\url{http://halfaya.org/ucla/research/thesis.pdf}}
}

@misc{sherkat2007investigation,
  title={Investigation of the Hecke group G5 and its Eisenstein series},
  author={Sherkat, Hooman},
 howpublished = {\url{http://halfaya.org/ucla/research/sherkat.pdf}},
  year={2007}
}

@article{gould1981history,
  title={A history of the Fibonacci Q-matrix and a higher-dimensional problem},
  author={Gould, Henry W},
  journal={Fibonacci Quart},
  volume={19},
  number={3},
  pages={250--257},
  year={1981},
  publisher={Citeseer}
}

@article{hradam1981irrational,
  title={Irrational sequence-generated factors of integers},
  author={Hradam, AF and Shannon, AG},
  year={1981},
  publisher={Citeseer}
}

@article{poincare1885equations,
  title={Sur les equations lineaires aux 
  differentielles ordinaires et aux differences finies},
  author={Poincare, Henri},
  journal={American Journal of Mathematics},
  pages={203--258},
  year={1885},
  publisher={JSTOR}
}

@article{mc2005some,
  title={Some Observations on Khovanskii's 
  Matrix Methods for Extracting Roots of Polynomials},
  author={Mc Laughlin, J and Sury, B},
  journal={INTEGERS: The Electronic Journal of Combinatorial Number Theory},
  volume={7},
  number={A48},
  year={2007}
}

@article{raleigh1962fourier,
  title={On the Fourier coefficients of triangle functions},
  author={Raleigh, J},
  journal={Acta Arithmetica},
  volume={8},
  pages={107--111},
  year={1962},
  publisher={Instytut Matematyczny Polskiej Akademii Nauk}
}

@article{lehner1954note,
  title={Note on the Schwarz triangle functions.},
  author={Lehner, Joseph},
  journal={Pacific Journal of Mathematics},
  volume={4},
  number={2},
  pages={243--249},
  year={1954},
  publisher={Pacific Journal of Mathematics}
}

@article{cangul1996group,
  title={The group structure of Hecke groups H($\lambda_q$)},
  author={Cang{\"u}l, I. N.},
  journal={Turkish Journal of Mathematics},
  volume={20},
  number={2},
  pages={203--207},
  year={1996},
  publisher={The Scientific and Technological Research Council of Turkey}
}

@article{hecke1936bestimmung,
  title={{\"U}ber die bestimmung dirichletscher reihen durch ihre funktionalgleichung},
  author={Hecke, Erich},
  journal={Mathematische Annalen},
  volume={112},
  number={1},
  pages={664--699},
  year={1936},
  publisher={Springer}
}

@book{ford,
  title={Automorphic functions, Second Edition},
  author={Ford, Lester R},
  year={1972},
  publisher={Chelsea Publishing Company}
}

@article{schwarz1873ueber,
  title={Ueber diejenigen F{\"a}lle, in welchen die Gaussische hypergeometrische Reihe eine algebraische Function ihres vierten Elementes darstellt.},
  author={Schwarz, Hermann Amandus},
  journal={Journal f{\"u}r die reine und angewandte Mathematik},
  volume={75},
  pages={292--335},
  year={1873}
}

@book{lehner1964discontinuous,
  title={Discontinuous groups and automorphic functions},
  author={Lehner, Joseph},
  number={8},
  year={1964},
  publisher={American Mathematical Soc.}
}

@book{caratheodory2,
  title={Theory of functions of a complex variable,
  Second English Edition},
  author={Carath{\'e}odory, Constantin},
  note={Translated by F. Steinhardt},
  volume={2},
  year={1981},
  publisher={Chelsea Publishing Company.}
}

@book{caratheodory1,
  title={Theory of functions of a complex variable,
  Second English Edition},
  author={Carath{\'e}odory, Constantin},
  note={Translated by F. Steinhardt},
  volume={1},
  year={1958},
  publisher={Chelsea Publishing Company.}
}

@misc{hypWik,
Title = {Hyperbolic Geometry},
Author = {Wikipedia},
year={2019},
howpublished = {\url{http://en.wikipedia.org/wiki/Hyperbolic_geometry}}
}

@article{akiyama1992note,
  title={A note on Hecke's absolute invariants},
  author={Akiyama, Shigeki},
  journal={J. Ramanujan Math. Soc},
  volume={7},
  number={1},
  pages={65--81},
  year={1992}
}

@article{akiyama19932n,
  title={On the $2^n$ divisibility of the Fourier coefficients of $J_q$ functions and the Atkin conjecture for $p = 2$},
  author={Akiyama, Shigeki},
  journal={Analytic number theory and related topics (Tokyo, 1991)},
  pages={1--15},
  year={1993}
}

@misc{leocode,
title={\tt Mathematica \rm notebook for computing fourier coefficients of triangle functions.},
author={John Garrett Leo},
year={2008},
howpublished = {\url{http:/www.halfaya.org/ucla/research/Series.nb}}
}

@article{evans1973fundamental,
  title={A fundamental region for Hecke's modular group},
  author={Evans, Ronald},
  journal={Journal of Number Theory},
  volume={5},
  number={2},
  pages={108--115},
  year={1973},
  publisher={Elsevier}
}

@article{rudin1959some,
  title={Some theorems on Fourier coefficients},
  author={Rudin, Walter},
  journal={Proceedings of the American Mathematical Society},
  volume={10},
  number={6},
  pages={855--859},
  year={1959},
  publisher={JSTOR}
}

@phdthesis{shapiro1952extremal,
  title={Extremal problems for polynomials and power series},
  author={Shapiro, Harold S},
  year={1952},
  school={Massachusetts Institute of Technology}
}

@article{brillhart1970note,
  title={Note on the Shapiro polynomials},
  author={Brillhart, John and Carlitz, Leonard},
  journal={Proceedings of the American Mathematical Society},
  volume={25},
  number={1},
  pages={114--118},
  year={1970},
  publisher={JSTOR}
}

article{brillhart1978,
  title={{\"U}ber summen von Rudin-Shapiroschen koeffizienten},
  author={Brillhart, John and Morton, Patrick and others},
  journal={Illinois Journal of Mathematics},
  volume={22},
  number={1},
  pages={126--148},
  year={1978},
  publisher={University of Illinois at Urbana-Champaign}
}

@article{brillhart1996case,
  title={A case study in mathematical research: The Golay-Rudin-Shapiro sequence},
  author={Brillhart, John and Morton, Patrick},
  journal={The American Mathematical Monthly},
  volume={103},
  number={10},
  pages={854--869},
  year={1996},
  publisher={Taylor \& Francis}
}

@article{allouche1993finite,
  title={Finite automata and arithmetic},
  author={Allouche, Jean-Paul},
  journal={S{\'e}minaire Lotharingien de Combinatoire},
  volume={30},
  pages={23},
  year={1993}
}

@misc{A020985,
title={The Rudin-Shapiro or Golay-Rudin-Shapiro sequence (coefficients of the Shapiro polynomials).},
author={N. J. A. Sloane},
year={2018},
howpublished = {\url{http://oeis.org/search?q=A020985&sort=&language=&go=Search}}
}

@misc{rudshap,
title={The Rudin-Shapiro sequence.},
author={E. Weisstein},
year={2019},
howpublished = {\url{http://mathworld.wolfram.com/Rudin-ShapiroSequence.html}}
}

@article{fricke432elliptischen,
  title={Die Elliptischen Funktionen und ihre Anwendungen, Teubner, Leipzig, 1922},
  author={Fricke, R},
  journal={Zbl48},
  volume={432}
}

@article{baker1967linear,
  title={Linear forms in the logarithms of algebraic numbers (II)},
  author={Baker, Alan},
  journal={Mathematika},
  volume={14},
  number={1},
  pages={102--107},
  year={1967},
  publisher={London Mathematical Society}
}

@article{rademacher1938fourier,
  title={The Fourier coefficients of the modular invariant J ($\tau$)},
  author={Rademacher, Hans},
  journal={American Journal of Mathematics},
  volume={60},
  number={2},
  pages={501--512},
  year={1938},
  publisher={JSTOR}
}

@article{lehmer1942properties,
  title={Properties of the coefficients of the modular invariant J ($\tau$)},
  author={Lehmer, DH},
  journal={American Journal of Mathematics},
  volume={64},
  number={1},
  pages={488--502},
  year={1942},
  publisher={JSTOR}
}

@article{lehner1949divisibility,
  title={Divisibility properties of the Fourier coefficients of the modular invariant j ($\tau$)},
  author={Lehner, Joseph},
  journal={American Journal of Mathematics},
  volume={71},
  number={1},
  pages={136--148},
  year={1949},
  publisher={JSTOR}
}

@article{lehner1949further,
  title={Further congruence properties of the Fourier coefficients of the modular invariant j ($\tau$)},
  author={Lehner, Joseph},
  journal={American Journal of Mathematics},
  volume={71},
  number={2},
  pages={373--386},
  year={1949},
  publisher={JSTOR}
}

@book{legendre1830theorie,
  title={Th{\'e}orie des nombres},
  author={Legendre, Adrien Marie},
  volume={2},
  year={1830},
  publisher={Firmin Didot Fr{\`e}res}
}

@book{dickson1920history,
  title={History of the Theory of Numbers},
  author={Dickson, Leonard Eugene},
  volume={1},
  year={1992},
  pages={263},
  publisher=
  {AMS Chelsea Publishing}
}

@misc{legf,
title={Legendre's theorem - the prime factorization of factorials},
author={Bogolmony, Alexander},
year={2018},
howpublished = {\url{https://www.cut-the-knot.org/blue/LegendresTheorem.shtml}}
}

@misc{wikluc,
title={Lucas sequence},
author={Wikipedia The Free Encyclopedia},
year={19 December 2019},
howpublished = {\url{https://en.wikipedia.org/wiki/Lucas_sequence}}
}

@misc{hyper,
title={Hyperoctahedral group},
author={Wikipedia The Free Encyclopedia},
year={23 October 2020},
howpublished = 
{\url{https://en.wikipedia.org/wiki/Hyperoctahedral_group}}
}

@misc{sylvester,
title={Sylvester Cyclotomic Number},
author={Weisstein, Eric W.},
publisher={MathWorld--A Wolfram Web Resource},
year={2 January 2020},
howpublished = {\url{http://mathworld.wolfram.com/SylvesterCyclotomicNumber.html}}
}

@misc{broad,
title={Generalized Lucas primitive part},
author={Broadhurst, David},
publisher={The Prime Pages: Prime Number Research, Records and Resources},
year={2018},
howpublished = {\url{https://primes.utm.edu/top20/page.php?id=43}}
}

@misc{aksenov2011newman,
  title={The Newman phenomenon and Lucas sequence},
  author={Aksenov, Alexandre},
  publisher={Cornell University},
  howpublished = {\url{https://arxiv.org/abs/1108.5352}},
  year={2011}
}

@article{nowicki2015strong,
  title={Strong divisibility and lcm-sequences},
  author={Nowicki, Andrzej},
  journal={The American Mathematical Monthly},
  volume={122},
  number={10},
  pages={958--966},
  year={2015},
  publisher={Taylor \& Francis}
}

@article{brisebarre2003effective,
  title={Effective lower and upper bounds for the Fourier coefficients of powers of the modular invariant j},
  author={Brisebarre, Nicolas and Philibert, Georges},
  year={2003}
}

@article{murty2016asymptotic,
  title={ON THE ASYMPTOTIC FORMULA FOR THE FOURIER COEFFICIENTS OF THE j-FUNCTION},
  author={Murty, M Ram and Sampath, Kannappan},
  journal={Kyushu Journal of Mathematics},
  volume={70},
  number={1},
  pages={083--091},
  year={2016},
  publisher={Faculty of Mathematics, Kyushu University}
}

@article{uber32,
title={\"{U}ber die Entwicklungskoeffizien der 
automorphen Formen},
author={Petersson, H.},
journal = {Acta Mathematica},
volume={58},
number={1},
year={1932},
pages={169--215}
}

@article{berndt1999ramanujan,
  title={Ramanujan and the modular j-invariant},
  author={Berndt, Bruce C and Chan, Heng Huat},
  journal={Canadian Mathematical Bulletin},
  volume={42},
  number={4},
  pages={427--440},
  year={1999},
  publisher={Cambridge University Press}
}

@book{rankinModular,
  title={Modular Forms and Functions},
  author={Rankin, R.A.},
  year={1977},
  publisher={Cambridge University Press, Cambridge}
}

@book{apostolMdfn,
  title={Modular Functions and Dirichlet Series in Number Theory, 2nd edition},
  author={Apostol, T.M.},
  year={1997},
  publisher={New York: Springer-Verlag}
}


@misc{mathworldJ,
title={j-Function},
author={Piezas III, Tito and Weisstein, Eric W.},
year={2020},
publisher={Mathworld--A Wolfram Web Resource},
howpublished = {\url{https://mathworld.wolfram.com/j-Function.html}},
}

@article{baier2003compute,
  title={How to Compute the Coefficients of the Elliptic Modular Function j (z)},
  author={Baier, Harald and K{\"o}hler, Gunter},
  journal={Experimental mathematics},
  volume={12},
  number={1},
  pages={115--121},
  year={2003},
  publisher={Taylor \& Francis}
}

@inproceedings{kaneko1996fourier,
  title={The Fourier Coefficients and the singular moduli of the elliptic modular function $ j (r) $},
  author={Kaneko, Masanobu},
  year={1996},
  publisher={Mem. Fac. Eng. and Design, KIT},
  volume={44},
  pages={1--5}
}

@inproceedings{kaneko1999traces,
  title={Traces of singular moduli and the Fourier coefficients of the elliptic modular function j (T).},
  author={Kaneko, Masanobu},
  booktitle={Number theory: Fifth Conference of the Canadian Number Theory Association, August 17-22, 1996, Carleton University, Ottawa, Ontario, Canada},
  volume={19},
  pages={173},
  year={1999},
  organization={Amer Mathematical Society}
}

  title={Zeros of certain modular functions and an application},
  author={Asai, Tetsuya and Kaneko, Masanobu and Ninomiya, Hirohito},
  journal={Rikkyo Daigaku sugaku zasshi},
  volume={46},
  number={1},
  pages={93--101},
  year={1997}
}

@misc{OEISA034020,
  title={The On-Line Encyclopedia of Integer Sequences, A034020},
  author={Sloane, Neil J. A.},
  howpublished = 
{\url{https://oeis.org/A034020}},
}

@book{hecke1938lectures,
  title={Lectures on Dirichlet series, modular functions, and quadratic forms},
  author={Hecke, Erich},
  year={1983},
  publisher={Vandenhoeck \& Ruprecht}
}

@article{balakrishnan2020variations,
  title={Variations of Lehmer's Conjecture for Ramanujan's tau-function},
  author={Balakrishnan, Jennifer S and Craig, William and Ono, Ken},
  journal={Journal of Number Theory},
  year={2020},
  publisher={Elsevier}
}

@article{miller1918groups,
  title={Groups formed by special matrices},
  author={Miller, GA},
  journal={Bulletin of the American Mathematical Society},
  volume={24},
  number={4},
  pages={203--206},
  year={1918}
}

@article{graczyk2005hyper,
  title={The hyperoctahedral group, symmetric group 
  representations and the moments of the real Wishart distribution},
  author={Graczyk, Piotr and Letac, G{\'e}rard and Massam, H{\'e}l{\`e}ne},
  journal={Journal of Theoretical Probability},
  volume={18},
  number={1},
  pages={1--42},
  year={2005},
  publisher={Springer}
}

@misc{OEIS,
  title={The On-Line Encyclopedia of Integer Sequences},
  author={Sloane, Neil J. A.},
  howpublished = 
{\url{https://oeis.org/}},
}


@misc{OEIS2,
  title={The On-Line Encyclopedia of Integer Sequences, A097340},
  author={Sloane, Neil J. A.},
  howpublished = 
{\url{https://oeis.org/A097340}},
}

@misc{OEIS3,
  title={The On-Line Encyclopedia of Integer Sequences, A002408},
  author={Sloane, Neil J. A.},
  howpublished = 
{\url{http://oeis.org/A002408}},
}

@misc{OEIS4,
  title={The On-Line Encyclopedia of Integer Sequences, A007331},
  author={Sloane, Neil J. A.},
  howpublished = 
{\url{http://oeis.org/A007331}},
}

@misc{OEIS5,
  title={The On-Line Encyclopedia of Integer Sequences, A008658},
  author={Sloane, Neil J. A.},
  howpublished = 
{\url{http://oeis.org/A008658}},
}

@misc{OEIS6,
  title={The On-Line Encyclopedia of Integer Sequences, A100130},
  author={Sloane, Neil J. A.},
  howpublished = 
{\url{http://oeis.org/A100130}},
}

@misc{OEIS7,
  title={The On-Line Encyclopedia of Integer Sequences, A014103},
  author={Sloane, Neil J. A.},
  howpublished = 
{\url{http://oeis.org/A014103}},
}

@misc{OEIS8,
  title={The On-Line Encyclopedia of Integer Sequences, A098985},
  author={Sloane, Neil J. A.},
  howpublished = 
{\url{http://oeis.org/A098985}},
}

@misc{OEIS9,
  title={The On-Line Encyclopedia of Integer Sequences, A098986},
  author={Sloane, Neil J. A.},
  howpublished = 
{\url{http://oeis.org/A098986}},
}

@misc{test3,
  title={Interpolations repository},
  author={B. Brent},
  howpublished = {\url{https://github.com/barry314159a/interpolations}},
}


@article{doi,
author = { John   Mckay  and  Hubertus   Strauss },
title = {The q-series of monstrous moonshine \& the decomposition of the head characters},
journal = {Communications in Algebra},
volume = {18},
number = {1},
pages = {253-278},
year  = {1990},
publisher = {Taylor & Francis},
doi = {10.1080/00927879008823911},
URL = {https://doi.org/10.1080/00927879008823911}}
}

@book{conway2013sphere,
  title={Sphere packings, lattices and groups},
  author={Conway, John Horton and Sloane, Neil James Alexander},
  volume={290},
  year={2013},
  publisher={Springer Science \& Business Media}
}

@article{elkies2000lattices,
  title={Lattices, linear codes, and invariants, Part I},
  author={Elkies, Noam D},
  journal={Notices of the AMS},
  volume={47},
  number={10},
  year={2000}
}

@article{koike2005modular,
  title={Modular forms on non-compact arithmetic triangle groups},
  author={Koike, M},
  journal={preprint},
  year={2005}
}

@article{brent1998quadratic,
  title={Quadratic minima and modular forms},
  author={Brent, Barry},
  journal={Experimental Mathematics},
  volume={7},
  number={3},
  pages={257--274},
  year={1998},
  publisher={Taylor \& Francis}
}

@incollection{ono1995representation,
  title={On the representation of integers as sums of triangular numbers},
  author={Ono, Ken and Robins, Sinai and Wahl, Patrick T},
  booktitle={Aggregating clones, colors, equations, iterates, numbers, and tiles},
  pages={73--94},
  year={1995},
  publisher={Springer}
}

@article{akiyama1988fourier,
  title={On the Fourier coefficients of automorphic forms of triangle groups},
  author={Akiyama, Shigeki},
  journal={Kobe J. Math},
  volume={5},
  pages={123--132},
  year={1988}
}

@book{fricke1922elliptischen,
  title={Die elliptischen Funktionen und ihre Anwendungen},
  author={Fricke, Robert},
  volume={1},
  year={1922},
  publisher={BG Teubner}
}

